@article{go2009twitter,
  title = {Twitter sentiment classification using distant supervision},
  author = {Go, Alec and Bhayani, Richa and Huang, Lei},
  journal = {CS224N project report, Stanford},
  volume = {1},
  number = {12},
  pages = {2009},
  year = {2009},
}

@online{sentiment140,
% author = {MultiMedia LLC},
%  title = {{MS Windows NT} Kernel Description},
  url = {https://huggingface.co/datasets/stanfordnlp/sentiment140},
  urldate = {2025-03-17}
}

@article{vaswani2017attention,
  title = {Attention Is All You Need},
  author = {Ashish Vaswani and Noam Shazeer and Niki Parmar and Jakob Uszkoreit
            and Llion Jones and Aidan N. Gomez and Lukasz Kaiser and Illia
            Polosukhin},
  journal = {CoRR},
  volume = {abs/1706.03762},
  year = {2017},
  url = {http://arxiv.org/abs/1706.03762},
  eprinttype = {arXiv},
  eprint = {1706.03762},
  timestamp = {Sat, 23 Jan 2021 01:20:40 +0100},
  biburl = {https://dblp.org/rec/journals/corr/VaswaniSPUJGKP17.bib},
  bibsource = {dblp computer science bibliography, https://dblp.org},
}

@article{devlin2018bert,
  title = {{BERT:} Pre-training of Deep Bidirectional Transformers for Language
           Understanding},
  author = {Jacob Devlin and Ming{-}Wei Chang and Kenton Lee and Kristina
            Toutanova},
  journal = {CoRR},
  volume = {abs/1810.04805},
  year = {2018},
  url = {http://arxiv.org/abs/1810.04805},
  eprinttype = {arXiv},
  eprint = {1810.04805},
  timestamp = {Tue, 30 Oct 2018 20:39:56 +0100},
  biburl = {https://dblp.org/rec/journals/corr/abs-1810-04805.bib},
  bibsource = {dblp computer science bibliography, https://dblp.org},
}

@article{liu2019roberta,
  title = {RoBERTa: {A} Robustly Optimized {BERT} Pretraining Approach},
  author = {Yinhan Liu and Myle Ott and Naman Goyal and Jingfei Du and Mandar
            Joshi and Danqi Chen and Omer Levy and Mike Lewis and Luke
            Zettlemoyer and Veselin Stoyanov},
  journal = {CoRR},
  volume = {abs/1907.11692},
  year = {2019},
  url = {http://arxiv.org/abs/1907.11692},
  eprinttype = {arXiv},
  eprint = {1907.11692},
  timestamp = {Tue, 11 Feb 2025 12:43:01 +0100},
  biburl = {https://dblp.org/rec/journals/corr/abs-1907-11692.bib},
  bibsource = {dblp computer science bibliography, https://dblp.org},
}

@article{sanh2019distilbert,
  title = {DistilBERT, a distilled version of {BERT:} smaller, faster, cheaper
           and lighter},
  author = {Victor Sanh and Lysandre Debut and Julien Chaumond and Thomas Wolf},
  journal = {CoRR},
  volume = {abs/1910.01108},
  year = {2019},
  url = {http://arxiv.org/abs/1910.01108},
  eprinttype = {arXiv},
  eprint = {1910.01108},
  timestamp = {Tue, 02 Jun 2020 12:48:59 +0200},
  biburl = {https://dblp.org/rec/journals/corr/abs-1910-01108.bib},
  bibsource = {dblp computer science bibliography, https://dblp.org},
}

@misc{deepseekai2025deepseekr1incentivizingreasoningcapability,
  title = {DeepSeek-R1: Incentivizing Reasoning Capability in LLMs via
           Reinforcement Learning},
  author = {DeepSeek-AI and Daya Guo and Dejian Yang and Haowei Zhang and others},
  year = {2025},
  eprint = {2501.12948},
  archivePrefix = {arXiv},
  primaryClass = {cs.CL},
  url = {https://arxiv.org/abs/2501.12948},
}

