@article{giachanou2016like,
  title={Like it or not: A survey of twitter sentiment analysis methods},
  author={Giachanou, Anastasia and Crestani, Fabio},
  journal={ACM Computing Surveys (CSUR)},
  volume={49},
  number={2},
  pages={1--41},
  year={2016},
  publisher={ACM New York, NY, USA}
}

@article{zimbra2018state,
  title={The state-of-the-art in Twitter sentiment analysis: A review and benchmark evaluation},
  author={Zimbra, David and Abbasi, Ahmed and Zeng, Daniel and Chen, Hsinchun},
  journal={ACM Transactions on Management Information Systems (TMIS)},
  volume={9},
  number={2},
  pages={1--29},
  year={2018},
  publisher={ACM New York, NY, USA}
}

@inproceedings{agarwal2011sentiment,
  title={Sentiment analysis of twitter data},
  author={Agarwal, Apoorv and Xie, Boyi and Vovsha, Ilia and Rambow, Owen and Passonneau, Rebecca J},
  booktitle={Proceedings of the workshop on language in social media (LSM 2011)},
  pages={30--38},
  year={2011}
}

@article{medhat2014sentiment,
  title={Sentiment analysis algorithms and applications: A survey},
  author={Medhat, Walaa and Hassan, Ahmed and Korashy, Hoda},
  journal={Ain Shams engineering journal},
  volume={5},
  number={4},
  pages={1093--1113},
  year={2014},
  publisher={Elsevier}
}

@article{jianqiang2017comparison,
  title={Comparison research on text pre-processing methods on twitter sentiment analysis},
  author={Jianqiang, Zhao and Xiaolin, Gui},
  journal={IEEE access},
  volume={5},
  pages={2870--2879},
  year={2017},
  publisher={IEEE}
}

@article{go2009twitter,
  title={Twitter sentiment classification using distant supervision},
  author={Go, Alec and Bhayani, Richa and Huang, Lei},
  journal={CS224N project report, Stanford},
  volume={1},
  number={12},
  pages={2009},
  year={2009}
}

@article{saif2014stopwords,
  title={On stopwords, filtering and data sparsity for sentiment analysis of twitter},
  author={Saif, Hassan and Fernandez, Miriam and He, Yulan and Alani, Harith},
  year={2014}
}

@inproceedings{wilson2005RecognizingCP,
  title={Recognizing Contextual Polarity in Phrase-Level Sentiment Analysis},
  author={Theresa Wilson and Janyce Wiebe and Paul Hoffmann},
  booktitle={Human Language Technology - The Baltic Perspectiv},
  year={2005},
  url={https://api.semanticscholar.org/CorpusID:11668878}
}

@article{wankhade2022survey,
  title={A survey on sentiment analysis methods, applications, and challenges},
  author={Wankhade, Mayur and Rao, Annavarapu Chandra Sekhara and Kulkarni, Chaitanya},
  journal={Artificial Intelligence Review},
  volume={55},
  number={7},
  pages={5731--5780},
  year={2022},
  publisher={Springer}
}

@article{hand2001idiot,
  title={Idiot's Bayesâ€”not so stupid after all?},
  author={Hand, David J and Yu, Keming},
  journal={International statistical review},
  volume={69},
  number={3},
  pages={385--398},
  year={2001},
  publisher={Wiley Online Library}
}

@inproceedings{sahami1998bayesian,
  title={A Bayesian approach to filtering junk e-mail},
  author={Sahami, Mehran and Dumais, Susan and Heckerman, David and Horvitz, Eric},
  booktitle={Learning for Text Categorization: Papers from the 1998 workshop},
  volume={62},
  pages={98--105},
  year={1998},
  organization={Citeseer}
}

@article{devlin2018bert,
  title        = {{BERT:} Pre-training of Deep Bidirectional Transformers for Language
                  Understanding},
  author       = {Jacob Devlin and
                  Ming{-}Wei Chang and
                  Kenton Lee and
                  Kristina Toutanova},
  journal      = {CoRR},
  volume       = {abs/1810.04805},
  year         = {2018},
  url          = {http://arxiv.org/abs/1810.04805},
  eprinttype    = {arXiv},
  eprint       = {1810.04805},
  timestamp    = {Tue, 30 Oct 2018 20:39:56 +0100},
  biburl       = {https://dblp.org/rec/journals/corr/abs-1810-04805.bib},
  bibsource    = {dblp computer science bibliography, https://dblp.org}
}

@article{liu2019roberta,
  title        = {RoBERTa: {A} Robustly Optimized {BERT} Pretraining Approach},
  author       = {Yinhan Liu and
                  Myle Ott and
                  Naman Goyal and
                  Jingfei Du and
                  Mandar Joshi and
                  Danqi Chen and
                  Omer Levy and
                  Mike Lewis and
                  Luke Zettlemoyer and
                  Veselin Stoyanov},
  journal      = {CoRR},
  volume       = {abs/1907.11692},
  year         = {2019},
  url          = {http://arxiv.org/abs/1907.11692},
  eprinttype    = {arXiv},
  eprint       = {1907.11692},
  timestamp    = {Tue, 11 Feb 2025 12:43:01 +0100},
  biburl       = {https://dblp.org/rec/journals/corr/abs-1907-11692.bib},
  bibsource    = {dblp computer science bibliography, https://dblp.org}
}

@article{sanh2019distilbert,
  title        = {DistilBERT, a distilled version of {BERT:} smaller, faster, cheaper
                  and lighter},
  author       = {Victor Sanh and
                  Lysandre Debut and
                  Julien Chaumond and
                  Thomas Wolf},
  journal      = {CoRR},
  volume       = {abs/1910.01108},
  year         = {2019},
  url          = {http://arxiv.org/abs/1910.01108},
  eprinttype    = {arXiv},
  eprint       = {1910.01108},
  timestamp    = {Tue, 02 Jun 2020 12:48:59 +0200},
  biburl       = {https://dblp.org/rec/journals/corr/abs-1910-01108.bib},
  bibsource    = {dblp computer science bibliography, https://dblp.org}
}

@article{vaswani2017attention,
  title        = {Attention Is All You Need},
  author       = {Ashish Vaswani and
                  Noam Shazeer and
                  Niki Parmar and
                  Jakob Uszkoreit and
                  Llion Jones and
                  Aidan N. Gomez and
                  Lukasz Kaiser and
                  Illia Polosukhin},
  journal      = {CoRR},
  volume       = {abs/1706.03762},
  year         = {2017},
  url          = {http://arxiv.org/abs/1706.03762},
  eprinttype    = {arXiv},
  eprint       = {1706.03762},
  timestamp    = {Sat, 23 Jan 2021 01:20:40 +0100},
  biburl       = {https://dblp.org/rec/journals/corr/VaswaniSPUJGKP17.bib},
  bibsource    = {dblp computer science bibliography, https://dblp.org}
}